
@misc{bitcoin,
  author = {Nakamoto, Satoshi},
  title = {Bitcoin: A peer-to-peer electronic cash system},
  url = {http://www.bitcoin.org/bitcoin.pdf},
  year = 2009
}

@book{random_walk,
  title={The Random Character of Stock Market Prices},
  author={Cootner, P.H.},
  isbn={9780262030090},
  lccn={nuc68092658},
  url={https://books.google.es/books?id=P-DHAAAAIAAJ},
  year={1967},
  publisher={M.I.T. Press}
}

@article{efficient_market,
  author = {Fama, Eugene},
  journal = {Journal of Finance},
  pages = {383--417},
  title = {Efficient Capital Markets: A Review of Theory and Empirical Work },
  volume = 25,
  year = 1970
}

@article{Biondo,
   title={Are Random Trading Strategies More Successful than Technical Ones?},
   volume={8},
   ISSN={1932-6203},
   url={http://dx.doi.org/10.1371/journal.pone.0068344},
   DOI={10.1371/journal.pone.0068344},
   number={7},
   journal={PLoS ONE},
   publisher={Public Library of Science (PLoS)},
   author={Biondo, Alessio Emanuele and Pluchino, Alessandro and Rapisarda, Andrea and Helbing, Dirk},
   editor={Montoya, Alejandro Raul HernandezEditor},
   year={2013},
   month={Jul}
}

@misc{Murat,
      title={Deep Learning for Financial Applications : A Survey}, 
      author={Ahmet Murat Ozbayoglu and Mehmet Ugur Gudelek and Omer Berat Sezer},
      year={2020},
      eprint={2002.05786},
      archivePrefix={arXiv},
      primaryClass={q-fin.ST}
}

@phdthesis{Spilak,
author = {Spilak, Bruno},
year = {2018},
month = {06},
pages = {},
title = {Deep Neural Networks for Cryptocurrencies Price prediction}
}

@inproceedings{Nelson,
author = {Nelson, David and Pereira, Adriano and de Oliveira, Renato},
year = {2017},
month = {05},
pages = {1419-1426},
title = {Stock market's price movement prediction with LSTM neural networks},
doi = {10.1109/IJCNN.2017.7966019}
}

@INPROCEEDINGS{Vargas,
  author={M. R. {Vargas} and C. E. M. {dos Anjos} and G. L. G. {Bichara} and A. G. {Evsukoff}},
  booktitle={2018 International Joint Conference on Neural Networks (IJCNN)}, 
  title={Deep Leaming for Stock Market Prediction Using Technical Indicators and Financial News Articles}, 
  year={2018},
  volume={},
  number={},
  pages={1-8},
  doi={10.1109/IJCNN.2018.8489208}
}

@article{Berat_Murat,
author = {Sezer, Omer and Ozbayoglu, Murat},
year = {2018},
month = {04},
pages = {},
title = {Algorithmic Financial Trading with Deep Convolutional Neural Networks: Time Series to Image Conversion Approach},
volume = {70},
journal = {Applied Soft Computing},
doi = {10.1016/j.asoc.2018.04.024}
}

@inproceedings{Zhang,
author = {Zhang, Liheng and Aggarwal, Charu and Qi, Guo-Jun},
year = {2017},
month = {08},
pages = {2141-2149},
title = {Stock Price Prediction via Discovering Multi-Frequency Trading Patterns},
doi = {10.1145/3097983.3098117}
}

@article{Rundo,
title={Deep LSTM with Reinforcement Learning Layer for Financial Trend Prediction in FX High Frequency Trading Systems}, volume={9}, ISSN={2076-3417}, url={http://dx.doi.org/10.3390/app9204460},
DOI={10.3390/app9204460},
number={20},
journal={Applied Sciences},
publisher={MDPI AG},
author={Rundo, Francesco},
year={2019},
month={Oct},
pages={4460}
}

@inproceedings{Hossain,
author = {Hossain, Altaf and Zaman, Faisal and Nasser, M. and Islam, M.},
year = {2009},
month = {12},
pages = {597-602},
title = {Comparison of GARCH, Neural Network and Support Vector Machine in Financial Time Series Prediction},
volume = {5909},
isbn = {978-3-642-11163-1},
doi = {10.1007/978-3-642-11164-8_97}
}

@misc{Khaidem,
      title={Predicting the direction of stock market prices using random forest}, 
      author={Luckyson Khaidem and Snehanshu Saha and Sudeepa Roy Dey},
      year={2016},
      eprint={1605.00003},
      archivePrefix={arXiv},
      primaryClass={cs.LG}
}

@article{Schmidhuber,
author = {Hochreiter, Sepp and Schmidhuber, JÃ¼rgen},
year = {1997},
month = {12},
pages = {1735-80},
title = {Long Short-term Memory},
volume = {9},
journal = {Neural computation},
doi = {10.1162/neco.1997.9.8.1735}
}

@misc{vanishing,
      title={On the difficulty of training Recurrent Neural Networks}, 
      author={Razvan Pascanu and Tomas Mikolov and Yoshua Bengio},
      year={2013},
      eprint={1211.5063},
      archivePrefix={arXiv},
      primaryClass={cs.LG}
}

@misc{GRU,
      title={Learning Phrase Representations using RNN Encoder-Decoder for Statistical Machine Translation}, 
      author={Kyunghyun Cho and Bart van Merrienboer and Caglar Gulcehre and Dzmitry Bahdanau and Fethi Bougares and Holger Schwenk and Yoshua Bengio},
      year={2014},
      eprint={1406.1078},
      archivePrefix={arXiv},
      primaryClass={cs.CL}
}

@inproceedings{Prado,
  title={THE 10 REASONS MOST MACHINE LEARNING FUNDS FAIL},
  author={M. L. D. Prado},
  year={2017}
}

